<?xml version='1.0' encoding='utf-8'?>
<record xmlns="http://www.loc.gov/MARC21/slim" xmlns:xsi="http://www.w3.org/2001/XMLSchema-instance">
  <leader>00000nmm^a2200337^a^4500</leader>
  <controlfield tag="001">003492132</controlfield>
  <controlfield tag="005">20070131141025.0</controlfield>
  <controlfield tag="006">m^^^^^^^^u^^^^^^^^</controlfield>
  <controlfield tag="007">cc^ga-^^^^^^^^</controlfield>
  <controlfield tag="008">000710s1998^^^^ilu^^^^^^^^u^^^^^^^^eng^d</controlfield>
  <datafield tag="035" ind1=" " ind2=" ">
    <subfield code="a">(OCoLC)ocm43302134</subfield>
  </datafield>
  <datafield tag="040" ind1=" " ind2=" ">
    <subfield code="a">SCL</subfield>
    <subfield code="c">SCL</subfield>
    <subfield code="d">BEU</subfield>
  </datafield>
  <datafield tag="090" ind1=" " ind2=" ">
    <subfield code="a">Z699.A1</subfield>
    <subfield code="b">M35 1998</subfield>
  </datafield>
  <datafield tag="245" ind1="0" ind2="0">
    <subfield code="a">Best of the first five years of the MER, 1993-1997</subfield>
    <subfield code="h">[electronic resource]</subfield>
    <subfield code="c">produced for the US Patent and Trademark Office ; produced by Cohasset Associates, Inc.</subfield>
  </datafield>
  <datafield tag="246" ind1="3" ind2="4">
    <subfield code="a">Managing electronic records national conference</subfield>
  </datafield>
  <datafield tag="246" ind1="3" ind2="0">
    <subfield code="a">MER</subfield>
  </datafield>
  <datafield tag="260" ind1=" " ind2=" ">
    <subfield code="a">Chicago :</subfield>
    <subfield code="b">Cohasset Associates,</subfield>
    <subfield code="c">[1998?]</subfield>
  </datafield>
  <datafield tag="300" ind1=" " ind2=" ">
    <subfield code="a">2 computer optical discs :</subfield>
    <subfield code="b">ill., sd., col. ;</subfield>
    <subfield code="c">4 3/4 in.</subfield>
  </datafield>
  <datafield tag="538" ind1=" " ind2=" ">
    <subfield code="a">System requirements : IBM compatible PC; Microsoft Windows, 97; 8x CD-ROM drive; 16 megabytes of RAM; Microsoft PowerPoint Viewer 97.</subfield>
  </datafield>
  <datafield tag="520" ind1=" " ind2=" ">
    <subfield code="a">PowerPoint presentations with audio of important presentations from the first five MER conferences organized and sponsored by Cohasset Associates.</subfield>
  </datafield>
  <datafield tag="505" ind1="0" ind2=" ">
    <subfield code="a">Disc 1. Electronic records management issues and concepts -- Classification, indexing, scheduling, storage and access -- Application issues and concerns -- Disc 2. Legal issues -- Management support.</subfield>
  </datafield>
  <datafield tag="500" ind1=" " ind2=" ">
    <subfield code="a">On front cover of insert: Managing electronic records national conference.</subfield>
  </datafield>
  <datafield tag="650" ind1=" " ind2="0">
    <subfield code="a">Electronic records</subfield>
    <subfield code="x">Management</subfield>
    <subfield code="v">Congresses.</subfield>
  </datafield>
  <datafield tag="650" ind1=" " ind2="0">
    <subfield code="a">Database management</subfield>
    <subfield code="v">Congresses.</subfield>
  </datafield>
  <datafield tag="650" ind1=" " ind2="0">
    <subfield code="a">Information storage and retrieval systems</subfield>
    <subfield code="x">Management</subfield>
    <subfield code="v">Congresses.</subfield>
  </datafield>
  <datafield tag="710" ind1="2" ind2=" ">
    <subfield code="a">Cohasset Associates, Inc.</subfield>
  </datafield>
  <datafield tag="710" ind1="1" ind2=" ">
    <subfield code="a">United States.</subfield>
    <subfield code="b">Patent and Trademark Office.</subfield>
  </datafield>
  <datafield tag="852" ind1="8" ind2=" ">
    <subfield code="a">MiU-H</subfield>
    <subfield code="b">BENT</subfield>
    <subfield code="h">0089 Aa 2</subfield>
  </datafield>
  <datafield tag="998" ind1=" " ind2=" ">
    <subfield code="c">LAC</subfield>
  </datafield>
  <datafield tag="955" ind1=" " ind2=" ">
    <subfield code="b">BENT</subfield>
    <subfield code="p">B1416169</subfield>
  </datafield>
</record>
